<record><leader>00000cas a22000007a 4500</leader><controlfield tag="001">11665331</controlfield><controlfield tag="008">850206d19821989mtuwr ne      0    0eng d</controlfield><datafield ind1=" " ind2=" " tag="010"><subfield code="a">sn 85053038 </subfield></datafield><datafield ind1=" " ind2=" " tag="040"><subfield code="a">MTL</subfield><subfield code="b">eng</subfield><subfield code="c">MTL</subfield><subfield code="d">OCLCQ</subfield><subfield code="d">DLC</subfield></datafield><datafield ind1=" " ind2=" " tag="042"><subfield code="a">msc</subfield></datafield><datafield ind1="0" ind2="0" tag="245"><subfield code="a">Dillon tribune examiner.</subfield></datafield><datafield ind1=" " ind2=" " tag="260"><subfield code="a">Dillon, Mont. :</subfield><subfield code="b">Sage Pub. Co.,</subfield><subfield code="c">1982-1989.</subfield></datafield><datafield ind1=" " ind2=" " tag="300"><subfield code="a">v. :</subfield><subfield code="b">ill. ;</subfield><subfield code="c">58 cm.</subfield></datafield><datafield ind1=" " ind2=" " tag="310"><subfield code="a">Weekly</subfield></datafield><datafield ind1="0" ind2=" " tag="362"><subfield code="a">Vol. 98, no. 90 (Sept. 28, 1982)-vol. 108, no. 41 (Oct. 10, 1989).</subfield></datafield><datafield ind1=" " ind2=" " tag="752"><subfield code="a">United States</subfield><subfield code="b">Montana</subfield><subfield code="c">Beaverhead</subfield><subfield code="d">Dillon.</subfield></datafield><datafield ind1="0" ind2="0" tag="785"><subfield code="t">Dillon tribune (Dillon, Montana : 1989)</subfield><subfield code="w">(DLC)  2015269516</subfield><subfield code="w">(OCoLC)42323620</subfield></datafield><datafield ind1="1" ind2=" " tag="029"><subfield code="a">AU@</subfield><subfield code="b">000025791351</subfield></datafield></record>